@ARTICLE{weimer:1996,
   author = {{Weimer}, D.~R.},
    title = "{A flexible, IMF dependent model of high-latitude electric potentials having "space weather" applications}",
  journal = {Geophysical Research Letters},
     year = 1996,    
      month = sep,
   volume = {23},
    pages = {2549-2552}, 
       doi = {10.1029/96GL02255}
}

@ARTICLE{hardy:1989,
   author = {{Hardy}, D.~A. and {Gussenhoven}, M. ~S. and {Brautigam}, D.},
    title = "{A statistical model of auroral ion precipitation}",
  journal = {Journal of Geophysical Research},
     year = 1989,
      month = jan,
   volume = 94,
    pages = {370-392},
      doi = {10.1029/ja094ia01p00370}
}

@article{Fuller-Rowell1987,
author = {Fuller-Rowell, T. J. and Evans, D. S.},
doi = {10.1029/ja092ia07p07606},
journal = {Journal of Geophysical Research},
number = {A7},
pages = {7606},
title = {{Height-integrated Pedersen and Hall conductivity patterns inferred from the TIROS-NOAA satellite data}},
volume = {92},
year = {1987}
}

@article{Workayehu2019,
author = {Workayehu, A. B. and Vanham√§ki, H. and Aikio, A. T.},
doi = {https://doi.org/10.1029/2019JA026835},
journal = {Journal of Geophysical Research: Space Physics},
number = {8},
pages = {7231-7246},
title = {{Field-Aligned and Horizontal Currents in the Northern and Southern Hemispheres From the Swarm Satellite}},
volume = {124},
year = {2019}
}

@article{Maute2017,
author = {Maute, Astrid and Richmond, Arthur D.},
doi = {10.1007/s11214-016-0262-3},
journal = {Space Science Reviews},
number = {1-4},
pages = {471-493},
title = {{F-Region Dynamo Simulations at Low and Mid-Latitude}},
volume = {206},
year = {2017}
}







